%% This BibTeX bibliography file was created using BibDesk.
%% https://bibdesk.sourceforge.io/

%% Created for Federico Segala at 2023-09-25 18:21:51 +0100 


%% Saved with string encoding Unicode (UTF-8) 



@article{Author2026,
	author = {Author, Name and Authortwo, Nametwo and Authorthree, Namethree and Authorfour, Namefour},
	date-added = {2023-09-25 18:20:33 +0100},
	date-modified = {2023-09-25 18:21:51 +0100},
	journal = {Journal that shows examples of citations},
	title = {Fourt Example of Citation},
	year = {2026}}

@article{Author2024,
	author = {Author, Name},
	date-added = {2023-09-25 18:12:20 +0100},
	date-modified = {2023-09-25 18:12:20 +0100},
	journal = {Journal that shows examples of citations},
	title = {Second Example of Citation},
	year = {2024}}

@article{Author2023,
	author = {Author, Name},
	date-added = {2023-09-25 18:10:42 +0100},
	date-modified = {2023-09-25 18:11:21 +0100},
	journal = {Journal that shows examples of citations},
	title = {First Example of Citation},
	year = {2023}}

@article{Author2025,
	author = {Author, Name and Authortwo, Nametwo},
	date-added = {2023-09-25 17:05:21 +0100},
	date-modified = {2023-09-25 18:19:35 +0100},
	journal = {Journal that shows examples of citations},
	title = {Third Example of Citation},
	year = {2025}}
